<?xml version="1.0" encoding="UTF-8"?>
  <record xmlns="http://www.loc.gov/MARC21/slim" type="Authority">
    <leader>00000nz  a2200000nc 4500</leader>
    <controlfield tag="001">129908789</controlfield>
    <controlfield tag="003">DE-101</controlfield>
    <controlfield tag="005">20161222124707.0</controlfield>
    <controlfield tag="008">050406n||aznnnaabn           | aaa    |c</controlfield>
    <datafield tag="024" ind1="7" ind2=" ">
      <subfield code="a">129908789</subfield>
      <subfield code="0">http://d-nb.info/gnd/129908789</subfield>
      <subfield code="2">gnd</subfield>
    </datafield>
    <datafield tag="035" ind1=" " ind2=" ">
      <subfield code="a">(DE-101)129908789</subfield>
    </datafield>
    <datafield tag="035" ind1=" " ind2=" ">
      <subfield code="a">(DE-588)129908789</subfield>
    </datafield>
    <datafield tag="035" ind1=" " ind2=" ">
      <subfield code="z">(DE-588a)129908789</subfield>
      <subfield code="9">v:zg</subfield>
    </datafield>
    <datafield tag="035" ind1=" " ind2=" ">
      <subfield code="z">(DE-588a)102977429</subfield>
    </datafield>
    <datafield tag="035" ind1=" " ind2=" ">
      <subfield code="z">(DE-588a)100130593</subfield>
    </datafield>
    <datafield tag="040" ind1=" " ind2=" ">
      <subfield code="a">DE-14</subfield>
      <subfield code="c">DE-14</subfield>
      <subfield code="9">r:DE-600</subfield>
      <subfield code="b">ger</subfield>
      <subfield code="d">1601</subfield>
      <subfield code="e">rda</subfield>
    </datafield>
    <datafield tag="042" ind1=" " ind2=" ">
      <subfield code="a">gnd1</subfield>
    </datafield>
    <datafield tag="043" ind1=" " ind2=" ">
      <subfield code="c">XA-CH</subfield>
    </datafield>
    <datafield tag="075" ind1=" " ind2=" ">
      <subfield code="b">p</subfield>
      <subfield code="2">gndgen</subfield>
    </datafield>
    <datafield tag="075" ind1=" " ind2=" ">
      <subfield code="b">piz</subfield>
      <subfield code="2">gndspec</subfield>
    </datafield>
    <datafield tag="079" ind1=" " ind2=" ">
      <subfield code="a">g</subfield>
      <subfield code="q">a</subfield>
      <subfield code="q">f</subfield>
    </datafield>
    <datafield tag="100" ind1="1" ind2=" ">
      <subfield code="a">Fueßli, Johann Georg</subfield>
      <subfield code="d">1665-1692</subfield>
    </datafield>
    <datafield tag="400" ind1="1" ind2=" ">
      <subfield code="a">Füslin, Johann Georg</subfield>
      <subfield code="d">1665-1692</subfield>
    </datafield>
    <datafield tag="400" ind1="1" ind2=" ">
      <subfield code="a">Füßli, Johann Georg</subfield>
      <subfield code="d">1665-1692</subfield>
    </datafield>
    <datafield tag="400" ind1="1" ind2=" ">
      <subfield code="a">Fueslinus, Johannes Georgius</subfield>
      <subfield code="d">1665-1692</subfield>
    </datafield>
    <datafield tag="400" ind1="1" ind2=" ">
      <subfield code="a">Fueslinus, Joh. Georgius</subfield>
      <subfield code="d">1665-1692</subfield>
    </datafield>
    <datafield tag="400" ind1="1" ind2=" ">
      <subfield code="a">Fueslinus, J. G.</subfield>
      <subfield code="d">1665-1692</subfield>
    </datafield>
    <datafield tag="400" ind1="1" ind2=" ">
      <subfield code="a">Füsslin, Johann Georg</subfield>
      <subfield code="d">1665-1692</subfield>
    </datafield>
    <datafield tag="400" ind1="1" ind2=" ">
      <subfield code="a">Füsli, Johann Georg</subfield>
      <subfield code="d">1665-1692</subfield>
    </datafield>
    <datafield tag="548" ind1=" " ind2=" ">
      <subfield code="a">1665-1692</subfield>
      <subfield code="4">datl</subfield>
      <subfield code="4">https://d-nb.info/standards/elementset/gnd#dateOfBirthAndDeath</subfield>
      <subfield code="w">r</subfield>
      <subfield code="i">Lebensdaten</subfield>
    </datafield>
    <datafield tag="548" ind1=" " ind2=" ">
      <subfield code="a">22.05.1665-29.07.1692</subfield>
      <subfield code="4">datx</subfield>
      <subfield code="4">https://d-nb.info/standards/elementset/gnd#dateOfBirthAndDeath</subfield>
      <subfield code="w">r</subfield>
      <subfield code="i">Exakte Lebensdaten</subfield>
    </datafield>
    <datafield tag="551" ind1=" " ind2=" ">
      <subfield code="0">(DE-101)04068038X</subfield>
      <subfield code="0">(DE-588)4068038-1</subfield>
      <subfield code="0">https://d-nb.info/gnd/4068038-1</subfield>
      <subfield code="a">Zürich</subfield>
      <subfield code="4">ortg</subfield>
      <subfield code="4">https://d-nb.info/standards/elementset/gnd#placeOfBirth</subfield>
      <subfield code="w">r</subfield>
      <subfield code="i">Geburtsort</subfield>
    </datafield>
    <datafield tag="551" ind1=" " ind2=" ">
      <subfield code="0">(DE-101)942894081</subfield>
      <subfield code="0">(DE-588)4357777-5</subfield>
      <subfield code="0">https://d-nb.info/gnd/4357777-5</subfield>
      <subfield code="a">Uetikon am See</subfield>
      <subfield code="4">orts</subfield>
      <subfield code="4">https://d-nb.info/standards/elementset/gnd#placeOfDeath</subfield>
      <subfield code="w">r</subfield>
      <subfield code="i">Sterbeort</subfield>
    </datafield>
    <datafield tag="667" ind1=" " ind2=" ">
      <subfield code="a">12</subfield>
    </datafield>
    <datafield tag="667" ind1=" " ind2=" ">
      <subfield code="a">VD-17</subfield>
    </datafield>
    <datafield tag="670" ind1=" " ind2=" ">
      <subfield code="a">DbA I 360,198</subfield>
    </datafield>
    <datafield tag="672" ind1=" " ind2="0">
      <subfield code="a">Fabricius, Johann Ludwig: Diss. inaug. theol. de imputatione consequentiarum. - 1686</subfield>
    </datafield>
    <datafield tag="672" ind1=" " ind2="0">
      <subfield code="a">Conclavia Romana Reserata. - 1691</subfield>
    </datafield>
    <datafield tag="678" ind1=" " ind2=" ">
      <subfield code="a">Internet (Stand: 20.12.2016)</subfield>
      <subfield code="b">Die F. sind ein altes Zürcher Bürgergeschlecht. Studium in Zürich (Veröffentlichung bei http://www.e-rara.ch/zuz/content/titleinfo/2829487: Positiones philosophicae / quas divina favente gratia assistente Ioh. Rodolfo Ottio, philosophiae moralis &amp; historiarum professore publico, consequendo examine philosophico publice defendent Ioh. Rodolphus Waserus, Heinricus Faesius, Iacobus Meierus, Conradus Heideggerus, Felix Zimmermannus, Georgius Fueslinus, ad diem .. Augusti, hora locóque solitis, Zürich 1682). Er wurde ordiniert 1682, bereiste Frankreich, war in Heidelberg Präceptor am Collegium sapientiae 1685, promovierte 1686 Dr. theol. (Veröffentlichung bei VD17 12:173778Q: Dissertatio Inauguralis Theologica, De Imputatione Consequentiarum / Quam ... In Per Vetusta Atque Illustrissima Universitate Heidelbergensi, Praeside Joh. Ludovico Fabricio. S.S. Theol. Doct. Et P.P. ... Solenni &amp; Placidae Eruditorum ... subiicit Joh. Georgius Fueslinus, Helvetio-Tigurinus ... Ad d. 23. Septembris MDCXXCVI. ..., Heidelberg 1686) und kam 1688 nach Zürich zurück, das ihm ein jährliches Wartegeld bewilligte. Er wurde neben anderen am 11.1.1689 als Nachfolger des verstorbenen Pfarrers von Winterthur ZH vorgeschlagen, wobei ihm bescheinigt wurde, daß er "wofern die traurigen revolutiones der pfältzischen kirchen nit eingerissen, er in derselben einen ansehenlichen dienst würklich geniessen wurdt" (Staatsarchiv Zürich, Sign. E I 30.144, Nr. 65). 1689 (richtig wohl 1688) wurde ihm die dritte Pfarrstelle an der Heiligeistkirche in Heidelberg angetragen, doch musste er noch von Zürich aus wegen der Besetzung der Stadt durch die Franzosen absagen. Am 11.6.1689 wurde er Pfarrer in Uetikon ZH. Leichenpredigt: Christliche Leich- und Trost-Predig von Betraurung der Todten ... gehalten zu Uetikon, den 31. Julij im Jahr Christi 1692, bey Volkreicher Besta</subfield>
      <subfield code="u">http://sehum.selfhost.eu/201606/vf3_surn.html</subfield>
    </datafield>
    <datafield tag="913" ind1=" " ind2=" ">
      <subfield code="S">pnd</subfield>
      <subfield code="i">a</subfield>
      <subfield code="a">Fueßli, Johann Georg</subfield>
      <subfield code="0">(DE-588a)129908789</subfield>
    </datafield>
  </record>
